@article{finetti1974theory,
  title={Theory of probability: a critical introductory treatment},
  author={Finetti, Bruno de},
  year={1974},
  publisher={New York: Wiley,}
}

@article{benci2013,
  title={Non-archimedean probability},
  author={Benci, Vieri and Horsten, Leon and Wenmackers, Sylvia},
  journal={Milan Journal of Mathematics},
  volume={81},
  pages={121--151},
  year={2013},
  publisher={Springer}
}

@article{fair_infinite_lottery,
  title={Fair infinite lotteries},
  author={Wenmackers, Sylvia and Horsten, Leon},
  journal={Synthese},
  volume={190},
  pages={37--61},
  year={2013},
  publisher={Springer}
}

@inproceedings{hess2023,
  title={Iterative Disposal Processes and the Lambert W Function},
  author={Hess, Jordan Lee and Polisetty, Kiran Kumar},
  booktitle={Proceedings of the 2023 6th International Conference on Mathematics and Statistics},
  pages={34--37},
  year={2023}
}